@proceedings{proc-ncar,
  title     = {Proceedings, Eleventh National Conference on Administration of Research},
  year      = {1957},
  month     = {9},
  publisher = {Penn State University Press}
}

@inproceedings{kershner,
  crossref = {proc-ncar},
  author   = {R.B. Kershner},
  title    = {The Size of Research and Engineering Teams},
  pages    = {77-83}
}
