@article{likert,
  author  = {Rensis Likert},
  title   = {Supervision},
  journal = {International Science and Technology},
  year    = {1962},
  month   = {3},
  pages   = {57-62}
}

@proceedings{proc-ncar,
  title     = {Proceedings, Eleventh National Conference on Administration of Research},
  year      = {1957},
  month     = {9},
  publisher = {Penn State University Press}
}

@inproceedings{kershner,
  crossref = {proc-ncar},
  author   = {R.B. Kershner},
  title    = {The Size of Research and Engineering Teams},
  pages    = {77-83}
}
